@article{OliveiraJrVanderleiC.2011Sgeu,
issn = {0956-540X},
journal = {Geophysical Journal International},
pages = {754--772},
volume = {187},
publisher = {Blackwell Publishing Ltd},
number = {2},
year = {2011},
title = {Source geometry estimation using the mass excess criterion to constrain {3‐D} radial inversion of gravity data},
address = {Oxford, UK},
author = {Oliveira{ }Jr., Vanderlei C. and Barbosa, Val{\'e}ria C. F. and Silva, Jo{\~a}o B. C.},
keywords = {Numerical Solutions ; Inverse Theory ; Gravity Anomalies And Earth Structure},
}

@book{cichocki1993neural,
  title={Neural networks for optimization and signal processing},
  author={Cichocki, A. and Unbehauen, R.},
  isbn={9780471930105},
  lccn={92046543},
  url={https://books.google.com.au/books?id=Ba1QAAAAMAAJ},
  year={1993},
  publisher={J. Wiley}
}

@article{OliveiraVanderleiC.20133rgg,
issn = {0956-540X},
journal = {Geophysical Journal International},
pages = {883--902},
volume = {195},
publisher = {Oxford University Press},
number = {2},
year = {2013},
title = {{3-D} radial gravity gradient inversion},
author = {Oliveira{ }Jr., Vanderlei C. and Barbosa, Val{\'e}ria C. F.},
keywords = {Numerical Solutions ; Inverse Theory ; Numerical Approximations And Analysis ; Gravity Anomalies And Earth Structure},
optdoi={10.1093/gji/ggt307},
}

@article{PlouffD.1976Gamf,
issn = {0016-8033},
journal = {Geophysics},
pages = {727--741},
volume = {41},
publisher = {Society of Exploration Geophysicists},
number = {4},
year = {1976},
title = {Gravity and magnetic fields of polygonal prisms and application to magnetic terrain corrections},
language = {eng},
address = {Tulsa, OK},
author = {Plouff, D.},
}

@InProceedings{ uieda-proc-scipy-2013,
  author    = { Leonardo Uieda and Vanderlei C. Oliveira{ }Jr. and Val{\'e}ria C. F. Barbosa },
  title     = { Modeling the Earth with Fatiando a Terra },
  booktitle = { Proceedings of the 12th Python in Science Conference },
  pages     = { 96 - 103 },
  year      = { 2013 },
  editor    = { St{\'e}fan van der Walt and Jarrod Millman and Katy Huff }
}

@article{OliveiraV2015Eott,
issn = {1023-5809},
journal = {Nonlinear Processes in Geophysics},
volume = {22},
publisher = {Copernicus GmbH},
number = {2},
year = {2015},
title = {Estimation of the total magnetization direction of approximately spherical bodies},
language = {eng},
address = {Gottingen},
author = {Oliveira{ }Jr., V. C. and Sales, D. and Barbosa, V. C. F. and Uieda, L.},
}

@article{BarbosaValeriaC.F.1999Gioa,
issn = {0016-8033},
journal = {Geophysics},
pages = {1429--1437},
volume = {64},
publisher = {Society of Exploration Geophysicists},
number = {5},
year = {1999},
title = {Gravity inversion of a discontinuous relief stabilized by weighted smoothness constraints on depth},
language = {eng},
address = {Tulsa, OK},
author = {Barbosa, Valeria C. F. and Silva, Joao B. C. and Medeiros, Walter E.},
keywords = {Applied Geophysics ; Accuracy ; Basin And Range Province ; Bouguer Anomalies ; Boundary Conditions ; Density ; Faults ; Geophysical Methods ; Geophysical Surveys ; Gravity Anomalies ; Gravity Methods ; Homogeneous Materials ; Inverse Problem ; Nevada ; Normal Faults ; North America ; Relief ; Steptoe Valley ; Surveys ; United States ; White Pine County Nevada},
}

@article{Li2017,
author = {Li, Wenbin and Lu, Wangtao and Qian, Jianliang and Li, Yaoguo},
doi = {10.1190/geo2016-0530.1},
file = {:home/leonardo/Dropbox/Doutorado/Bibliografia/wenbin-2016-0530.1.pdf:pdf},
issn = {0016-8033},
journal = {Geophysics},
number = {5},
pages = {J61--J81},
title = {{A multiple level-set method for 3D inversion of magnetic data}},
volume = {82},
year = {2017}
}


@article{Junqueira-BrodTerezaCristina2002Apad,
issn = {0375-7536},
journal = {Revista Brasileira de Geoci\^{e}ncias},
pages = {559--566},
volume = {32},
publisher = {Sociedade Brasileira de Geologia},
number = {4},
year = {2002},
title = {A {Província} {Alcalina} de {Goi\'{a}s} e a extensão do seu vulcanismo kamafugítico},
language = {por},
address = {Sao Paulo},
author = {Junqueira-Brod, Tereza Cristina and Roig, Henrique Llacer and Caspar, Jos\`{e} Carlos and Brod, Jose Affonso and Meneses, Paulo Roberto},
}

@article{LiYaoguo19963iom,
issn = {0016-8033},
journal = {Geophysics},
pages = {394--408},
volume = {61},
publisher = {Society of Exploration Geophysicists},
number = {2},
year = {1996},
title = {3-D inversion of magnetic data},
language = {eng},
address = {Tulsa, OK},
author = {Li, Yaoguo and Oldenburg, Douglas W.},
}

@article{WangX1990IFMO,
issn = {0016-8033},
journal = {Geophysics},
pages = {1321--1326},
volume = {55},
publisher = {SOC EXPLORATION GEOPHYSICISTS},
number = {10},
year = {1990},
title = {INVERSION FOR MAGNETIC-ANOMALIES OF ARBITRARY 3-DIMENSIONAL BODIES},
language = {English},
author = {Wang, X and Hansen, Ro},
}

@book{Aster2005,
publisher = {Elsevier Academic Press},
isbn = {9780120656042},
year = {2005},
title = {Parameter estimation and inverse problems},
language = {eng},
address = {Amsterdam},
author = {Aster, Richard C},
keywords = {Parameter estimation; Mathematical models; Electronic books},
}

@article{DampneyC.N.G.1969Test,
issn = {0016-8033},
journal = {Geophysics},
pages = {39--53},
volume = {34},
publisher = {Society of Exploration Geophysicists},
number = {1},
year = {1969},
title = {The equivalent source technique},
language = {eng},
address = {Tulsa, OK},
author = {Dampney, C. N. G.},
keywords = {Solid-Earth Geophysics ; Geophysical Methods ; Gravity Anomalies ; Gravity Field ; Gravity Methods ; Techniques},
}

@article{EmiliaDavidA.1973Esua,
issn = {0016-8033},
journal = {Geophysics},
pages = {339--348},
volume = {38},
publisher = {Society of Exploration Geophysicists},
number = {2},
year = {1973},
title = {Equivalent sources used as an analytic base for processing total magnetic field profiles},
language = {eng},
address = {Tulsa, OK},
author = {Emilia, David A.},
keywords = {Applied Geophysics ; Amplitude ; Anomalies ; Cape Hatteras ; Case Studies ; Dare County North Carolina ; Data Processing ; Dipole-Dipole Methods ; Elastic Waves ; Electrical Methods ; Geophysical Methods ; Inverse Problem ; Magnetic Field ; Magnetic Methods ; North Carolina ; Potential Field ; Total-Field Methods ; United States},
}